% So sieht der Biblatex Eintag für eine Abschlussarbeit aus:
@thesis{ma-sebastian,
author = {Müller, Sebastian},
title = {Clear Sight in Cherenkov-Astronomy},
subtitle = {Investigations of Reflector Geometry and Mirror Alignment for the FACT-Telescope},
year = {2014},
type = {Masterarbeit},
school = {TU Dortmund}
}

% ein Lehrbuch:
@book{kuypers,
    author = {Kuypers, Friedhelm},
    title = {Klassische Mechanik},
    year = {2010},
    publisher = {Wiley-VCH},
    series = {9. Auflage}
}

% Ein in einem Journal veröffentlichter Artikel (Paper):
@article{pdg,
      author         = "Beringer, J. and others",
      title          = "{Review of Particle Physics (RPP)}",
      collaboration  = "Particle Data Group",
      journal        = "Phys.Rev.",
      volume         = "D86",
      pages          = "010001",
      doi            = "10.1103/PhysRevD.86.010001",
      year           = "2012",
      SLACcitation   = "%%CITATION = PHRVA,D86,010001;%%",
}

% Ein Techreport
@techreport{streams,
      author = {Christian Bockermann and Hendrik Blom},
      title = {The streams Framework},
      month = {12},
      year = {2012},
      number = {5},
      institution = {TU Dortmund}
}


% eine Internet Quelle
@ELECTRONIC{siunitx,
    title   = {siunitx — A comprehensive (SI) units package},
    url = {http://mirror.selfnet.de/tex-archive/macros/latex/contrib/siunitx/siunitx.pdf},
    date = {2013},
    author = {Wright, Joseph}
}
@ELECTRONIC{koma,
    title   = {KOMA -Script},
    subtitle = {ein wandelbares \LaTeX-Paket},
    url = {http://mirror.selfnet.de/tex-archive/macros/latex/contrib/koma-script/doc/scrguide.pdf},
    date = {2013},
    author = {Kohm, Markus and Morawski, Jens-Uwe}
}
@ELECTRONIC{biblatex,
    title   = {The Biblatex Package},
    subtitle = {Programmable Bibliographies and Citations},
    url = {ftp://ftp.fu-berlin.de/tex/CTAN/macros/latex/contrib/biblatex/doc/biblatex.pdf},
    date = {2014},
    author = {Lehman, Philipp and others}
}
@ELECTRONIC{make,
    title   = {Gnu-Make Homepage},
    url = {http://www.gnu.org/software/make/},
    date = {2014},
}
